@BOOK{textbook,
    author      = {F.~Le{B}lanc},
    title       = {An {I}ntroduction to {S}tellar {A}strophysics},
    year        = {2011},
    publisher   = {Wiley},
    edition     = {{S}econd},
    pages       = {176--183},
}
